@misc{lurie2012higher,
  title={Higher algebra},
  author={Lurie, Jacob},
  year={2012}
}



@article{nuiten2017koszul,
  title={Koszul duality for Lie algebroids},
  author={Nuiten, Joost},
  journal={arXiv preprint arXiv:1712.03442},
  year={2017}
}


@article{bhatt2019regular,
  title={Regular rings and perfect(oid) algebras},
  author={Bhatt, Bhargav and Iyengar, Srikanth B and Ma, Linquan},
  journal={Communications in Algebra},
  volume={47},
  number={6},
  pages={2367--2383},
  year={2019},
  publisher={Taylor \& Francis}
}

@article{szamuely2016p,
  title={The p-adic Hodge decomposition according to Beilinson},
  author={Szamuely, Tam{\'a}s and Z{\'a}br{\'a}di, Gergely},
  journal={arXiv preprint arXiv:1606.01921},
  year={2016}
}

@article{bhatt2017projectivity,
  title={Projectivity of the Witt vector affine Grassmannian},
  author={Bhatt, Bhargav and Scholze, Peter},
  journal={Inventiones mathematicae},
  volume={209},
  number={2},
  pages={329--423},
  year={2017},
  publisher={Springer}
}

@article{gaitsgory2014weil,
	title={Weil's conjecture for function fields},
	author={Gaitsgory, Dennis and Lurie, Jacob},
	journal={Preprint},
	year={2014}
}


@article{scholze2012perfectoid,
	title={Perfectoid spaces},
	author={Scholze, Peter},
	journal={Publications math{\'e}matiques de l'IH{\'E}S},
	volume={116},
	number={1},
	pages={245--313},
	year={2012},
	publisher={Springer}
}


@article{scholze2015torsion,
	title={On torsion in the cohomology of locally symmetric varieties},
	author={Scholze, Peter},
	journal={Annals of Mathematics},
	pages={945--1066},
	year={2015},
	publisher={JSTOR}
}


@article{BenZvi_Nadler_Loop12,
	author = {Ben-Zvi, David and Nadler, David},
	title = {Loop spaces and connections},
	journal = {Journal of Topology},
	volume = {5},
	number = {2},
	pages = {377},
	year = {2012},
}


@book{deligne1977cohomologie,
	title={Cohomologie etale: S? eminaire de g{\'e}om{\'e}trie alg{\'e}brique du Bois-Marie SGA 4, 5},
	author={Deligne, Pierre},
	year={1977},
	publisher={Springer}
}

@article{gaitsgory2014dg,
	title={DG indschemes},
	author={Gaitsgory, Dennis and Rozenblyum, Nick},
	journal={Perspectives in representation theory},
	volume={610},
	pages={139},
	year={2014}
}


@article{grothendieck224revetements,
	title={Rev{\^e}tements Etales et Groupe Fondamental: S{\'e}minaire de G{\'e}om{\'e}trie Alg{\'e}brique de Bois-Marie 1960/61},
	author={Grothendieck, A and Raynaud, M},
	journal={Lecture Notes in Mathematics},
	volume={224},
	pages={176}
}


@article{antonio2017moduli,
	title={Moduli of $ p $-adic representations of a profinite group},
	author={Ant{\'o}nio, Jorge},
	journal={arXiv preprint arXiv:1709.04275},
	year={2017}
}

@article{deligne2013counting,
  title={Counting local systems with principal unipotent local monodromy},
  author={Deligne, Pierre and Flicker, Yuval Z},
  journal={Annals of Mathematics},
  volume={178},
  number={3},
  pages={921--982},
  year={2013},
  publisher={Princeton University and the Institute for Advanced Study}
}

@article{porta2015derived,
  title={Derived complex analytic geometry I: GAGA theorems},
  author={Porta, Mauro},
  journal={arXiv preprint arXiv:1506.09042},
  year={2015}
}

@inproceedings{kisin2000prime,
  title={Prime to $ p $ fundamental groups and tame Galois actions},
  author={Kisin, Mark},
  booktitle={Annales de l'institut Fourier},
  volume={50},
  number={4},
  pages={1099--1126},
  year={2000}
}


@article{de1995etale,
  title={{\'E}tale fundamental groups of non-Archimedean analytic spaces},
  author={De Jong, Aise Johan},
  journal={Compositio mathematica},
  volume={97},
  number={1-2},
  pages={89--118},
  year={1995}
}


@article{liu2017rigidity,
  title={Rigidity and a Riemann--Hilbert correspondence for p-adic local systems},
  author={Liu, Ruochuan and Zhu, Xinwen},
  journal={Inventiones mathematicae},
  volume={207},
  number={1},
  pages={291--343},
  year={2017},
  publisher={Springer}
}

@inproceedings{drinfeld1980langlands,
  title={Langlands conjecture for GL (2) over functional fields},
  author={Drinfeld, Vladimir Gershonovich},
  booktitle={Proceedings of the International Congress of Mathematicians (Helsinki, 1978)},
  volume={2},
  pages={565--574},
  year={1980}
}

@inproceedings{scholze2013p,
  title={$ p $-adic Hodge theory for rigid-analytic varieties},
  author={Scholze, Peter},
  booktitle={Forum of Mathematics, Pi},
  volume={1},
  year={2013},
  organization={Cambridge University Press}
}

@book{emerton2004riemann,
  title={The Riemann-Hilbert correspondence for unit F-crystals},
  author={Emerton, Matthew and Kisin, Mark},
  year={2004},
  publisher={Citeseer}
}


@article{chenevier2014p,
  title={The p-adic analytic space of pseudocharacters of a profinite group, and pseudorepresentations over arbitrary rings},
  author={Chenevier, Ga{\"e}tan},
  journal={Automorphic forms and Galois representations},
  volume={1},
  pages={221--285},
  year={2014},
  publisher={Cambridge University Press}
}

@incollection{mazur1989deforming,
  title={Deforming galois representations},
  author={Mazur, Barry},
  booktitle={Galois Groups over $\mathbb{Q}$},
  pages={385--437},
  year={1989},
  publisher={Springer}
}

@article{drinfel1981number,
  title={Number of two-dimensional irreducible representations of the fundamental group of a curve over a finite field},
  author={Drinfeld, Vladimir Gershonovich},
  journal={Functional Analysis and Its Applications},
  volume={15},
  number={4},
  pages={294--295},
  year={1981},
  publisher={Springer}
}


@article{portaRH,
  title={The derived Riemann-Hilbert correspondence},
  author={Porta, Mauro},
  journal={arXiv preprint arXiv:1703.03907},
  year={2017}
}

@misc{2009derived,
  title={Derived algebraic geometry xiii: Rational and p-adic homotopy theory},
  author={Lurie, Jacob},
  year={2009}
}

@article{antonio2018p,
  title={p-adic derived formal geometry and derived Raynaud localization Theorem},
  author={Ant{\'o}nio, Jorge},
  journal={arXiv preprint arXiv:1805.03302},
  year={2018}
}

@unpublished{Conrad_Spreading-out,
	author = {Brian Conrad and Ofer Gabber}, 
	title = {Spreading-out for rigid-analytic families},
	note = {Preprint},
	year = {2016},
}

@book{huber2013etale,
  title={{\'E}tale cohomology of rigid analytic varieties and adic spaces},
  author={Huber, Roland},
  volume={30},
  year={2013},
  publisher={Springer}
}

@article{gepner2015lax,
  title={Lax colimits and free fibrations in $\infty $-categories},
  author={Gepner, David and Haugseng, Rune and Nikolaus, Thomas},
  journal={arXiv preprint arXiv:1501.02161},
  year={2015}
}


@article{berkovich1994vanishing,
  title={Vanishing cycles for formal schemes},
  author={Berkovich, Vladimir G},
  journal={Inventiones mathematicae},
  volume={115},
  number={1},
  pages={539--571},
  year={1994},
  publisher={Springer}
}

@article{ando2010multiplicative,
	title={Multiplicative orientations of KO-theory and of the spectrum of topological modular forms},
	author={Ando, Matthew and Hopkins, Michael J and Rezk, Charles},
	journal={preprint},
	volume={3},
	pages={72},
	year={2010}
}

@article{2006champs,
  title={Champs affines},
  author={To{\"e}n, Bertrand},
  journal={Selecta mathematica, new series},
  volume={12},
  number={1},
  pages={39--134},
  year={2006},
  publisher={Springer}
}

@article{conrad2003descent,
  title={Descent for coherent sheaves on rigid-analytic spaces},
  author={Conrad, Brian},
  journal={Preprint},
  year={2003}
}

@article{Porta_Yu_Mapping_stack,
  title={Derived Hom spaces in rigid analytic geometry},
  author={Porta, Mauro and Yu, Tony Yue},
  journal={arXiv preprint arXiv:1801.07730},
  year={2018}
}


@article{yu2018comptage,
	title={Comptage des systemes locaux l-adiques sur une courbe},
	author={Yu, Hongjie},
	journal={arXiv preprint arXiv:1807.04659},
	year={2018}
}

@article{hennion2016formal,
  title={Formal gluing along non-linear flags},
  author={Hennion, Benjamin and Porta, Mauro and Vezzosi, Gabriele},
  journal={arXiv preprint arXiv:1607.04503},
  year={2016}
}

@book{bosch2005lectures,
  title={Lectures on formal and rigid geometry},
  author={Bosch, Siegfried},
  year={2005},
  publisher={Springer}
}


@article{toen2018structures,
	title={Structures symplectiques et de Poisson sur les champs en cat$\backslash$'egories},
	author={To{\"e}n, Bertrand},
	journal={arXiv preprint arXiv:1804.10444},
	year={2018}
}

@article{fujiwara2013foundations,
  title={Foundations of rigid geometry I},
  author={Fujiwara, Kazuhiro and Kato, Fumiharu},
  journal={arXiv preprint arXiv:1308.4734},
  year={2013}
}

@article{Lurie_Spectral_Schemes,
  title={DAG-VII: Spectral Schemes},
  author={Lurie, Jacob},
  journal={Preprint},
  year={2011}
}

@article{toen2015caracteres,
  title={Caracteres de Chern, traces {\'e}quivariantes et g{\'e}om{\'e}trie alg{\'e}brique d{\'e}riv{\'e}e},
  author={To{\"e}n, Bertrand and Vezzosi, Gabriele},
  journal={Selecta Mathematica},
  volume={21},
  number={2},
  pages={449--554},
  year={2015},
  publisher={Springer}
}


@article{ribes2008wreath,
	title={A wreath product approach to classical subgroup theorems},
	author={Ribes, Luis and Steinberg, Benjamin},
	journal={arXiv preprint arXiv:0812.0027},
	year={2008}
}



@book{lurie2009higher,
  title={Higher topos theory},
  author={Lurie, Jacob},
  number={170},
  year={2009},
  publisher={Princeton University Press}
}

@article{lurie2011dag,
  title={DAG V: Structured spaces},
  author={Lurie, Jacob},
  journal={Preprint},
  year={2011}
}

@article{lurie2012dag,
  title={DAG-XIV: Representability theorems},
  author={Lurie, Jacob},
  journal={Preprint available from authors website as http://math. harvard. edu/lurie/papers/DAG-XIV. pdf},
  year={2012}
}



@book{toen2008homotopical,
  title={Homotopical Algebraic Geometry II: Geometric Stacks and Applications: Geometric Stacks and Applications},
  author={To{\"e}n, Bertrand and Vezzosi, Gabriele},
  volume={2},
  year={2008},
  publisher={American Mathematical Soc.}
}

@article{toen2006higher,
  title={Higher and derived stacks: a global overview},
  author={To{\"e}n, Bertrand},
  journal={arXiv preprint math/0604504},
  year={2006}
}

@article{toen2014derived,
  title={Derived algebraic geometry},
  author={To{\"e}n, Bertrand},
  journal={arXiv preprint arXiv:1401.1044},
  year={2014}
}

@article{toen2004hag,
  title={From HAG to DAG: derived moduli stacks},
  author={To{\"e}n, Bertrand and Vezzosi, Gabriele},
  journal={Axiomatic, enriched and motivic homotopy theory},
  pages={173--216},
  year={2004},
  publisher={Springer}
}

@article{noohi2004fundamental,
	title={Fundamental groups of algebraic stacks},
	author={Noohi, Behrang},
	journal={Journal of the Institute of Mathematics of Jussieu},
	volume={3},
	number={1},
	pages={69--103},
	year={2004},
	publisher={Cambridge University Press}
}


@inproceedings{conrad2008several,
  title={Several approaches to non-archimedean geometry},
  author={Conrad, Brian},
  booktitle={$p$-adic geometry},
  pages={9--63},
  year={2008}
}

@article{porta2016derived,
  title={Derived non-archimedean analytic spaces},
  author={Porta, Mauro and Yu, Tony Yue},
  journal={arXiv preprint arXiv:1601.00859},
  year={2016}
}

@article{porta2017representability,
  title={Representability theorem in derived analytic geometry},
  author={Porta, Mauro and Yu, Tony Yue},
  journal={arXiv preprint arXiv:1704.01683},
  year={2017}
}

@article{porta_square_zero,
  title={Derived complex analytic geometry II: square-zero extensions},
  author={Porta, Mauro},
  journal={arXiv preprint arXiv:1507.06602},
  year={2015}
}

@article{porta2016higher,
  title={Higher analytic stacks and GAGA theorems},
  author={Porta, Mauro and Yu, Tony Yue},
  journal={Advances in Mathematics},
  volume={302},
  pages={351--409},
  year={2016},
  publisher={Elsevier}
}

@article{lurie2011formal,
	title={Formal moduli problems},
	author={Lurie, Jacob},
	journal={Pr{\'e}publication accessible sur la page de l’auteur: http://www. math. harvard. edu/~ lurie},
	year={2011}
}

@article{lurie_closed,
	title={DAG IX: Closed immersions},
	author={Lurie, Jacob},
	journal={Preprint},
	year={2011}
}
@article{toen2012proper,
  title={Proper local complete intersection morphisms preserve perfect complexes},
  author={To{\"e}n, Bertrand},
  journal={arXiv preprint arXiv:1210.2827},
  year={2012}
}


@article{porta2015derived,
  title={Derived complex analytic geometry I: GAGA theorems. arXiv preprint},
  author={Porta, Mauro},
  journal={arXiv},
  volume={1506},
  year={2015}
}

@article{simpson1992higgs,
	title={Higgs bundles and local systems},
	author={Simpson, Carlos T},
	journal={Publications Math{\'e}matiques de l'IH{\'E}S},
	volume={75},
	pages={5--95},
	year={1992}
}


@article{simpson1994moduli,
	title={Moduli of representations of the fundamental group of a smooth projective variety I},
	author={Simpson, Carlos T},
	journal={Publications Math{\'e}matiques de l'IH{\'E}S},
	volume={79},
	pages={47--129},
	year={1994}
}

@inproceedings{simpson1990nonabelian,
	title={Nonabelian Hodge theory},
	author={Simpson, Carlos T},
	booktitle={Proceedings of the International Congress of Mathematicians},
	volume={1},
	pages={747--756},
	year={1990}
}

@article{simpson,
	author = {Simpson, Carlos},
	title = {Moduli of representations of the fundamental group of a smooth projective variety II},
	journal = {Publications Math\'ematiques de l'IH\'ES},
	publisher = {Institut des Hautes \'Etudes Scientifiques},
	volume = {80},
	year = {1994},
	pages = {5-79},
	zbl = {0891.14006},
	mrnumber = {96e:14013},
	language = {en},
	url = {http://www.numdam.org/item/PMIHES_1994__80__5_0}
}


@article{blumberg2013universal,
  title={A universal characterization of higher algebraic K-theory},
  author={Blumberg, Andrew J and Gepner, David and Tabuada, Gon{\c{c}}alo},
  journal={Geometry \& Topology},
  volume={17},
  number={2},
  pages={733--838},
  year={2013},
  publisher={Mathematical Sciences Publishers}
}

@article{gepner2015enriched,
  title={Enriched $\infty$-categories via non-symmetric $\infty$-operads},
  author={Gepner, David and Haugseng, Rune},
  journal={Advances in Mathematics},
  volume={279},
  pages={575--716},
  year={2015},
  publisher={Elsevier}
}

@misc{scholzep,
  title={p-adic geometry. Lecture notes from course at UC Berkeley in Fall 2014},
  author={Scholze, Peter and Weinstein, Jared}
}

@article{bhatt2013pro,
  title={The pro-\'etale topology for schemes},
  author={Bhatt, Bhargav and Scholze, Peter},
  journal={arXiv preprint arXiv:1309.1198},
  year={2013}
}

@article{berkovich1993etale,
  title={{\'E}tale cohomology for non-Archimedean analytic spaces},
  author={Berkovich, Vladimir G},
  journal={Publications math{\'e}matiques de l'IH{\'E}S},
  volume={78},
  number={1},
  pages={5--161},
  year={1993},
  publisher={Springer}
}

@article{deligne2015comptage,
  title={Comptage de faisceaux l-adiques},
  author={Deligne, Pierre},
  journal={Ast{\'e}risque},
  volume={369},
  pages={285--312},
  year={2015}
}


@misc{stacks-project,
  author       = {The {Stacks project authors}},
  title        = {The Stacks project},
  howpublished = {\url{https://stacks.math.columbia.edu}},
  year         = {2019},
}

@misc{destacks,
  title={Stacks Project, pdf version},
  author={de Jong, J and others}
}


@unpublished{Demailly_Complex_analytic,
	Author = {Jean-Pierre Demailly},
	Date-Added = {2014-07-17 15:14:52 +0000},
	Date-Modified = {2014-07-17 15:15:31 +0000},
	Title = {Complex analytic and differential geometry}}


@article{bhatt2018integral,
	title={Integral p-adic Hodge theory},
	author={Bhatt, Bhargav and Morrow, Matthew and Scholze, Peter},
	journal={Publications math{\'e}matiques de l'IH{\'E}S},
	volume={128},
	number={1},
	pages={219--397},
	year={2018},
	publisher={Springer}
}


@article{nikolaus2017topological,
	title={On topological cyclic homology},
	author={Nikolaus, Thomas and Scholze, Peter},
	journal={arXiv preprint arXiv:1707.01799},
	year={2017}
}


@article{bhatt2018topological,
	title={Topological Hochschild homology and integral $p$-adic Hodge theory},
	author={Bhatt, Bhargav and Morrow, Matthew and Scholze, Peter},
	journal={arXiv preprint arXiv:1802.03261},
	year={2018}
}
%======================================================================================


%% This BibTeX bibliography file was created using BibDesk.
%% http://bibdesk.sourceforge.net/


%% Created for Tony Yue YU at 2014-07-17 17:59:03 +0200 


%% Saved with string encoding Unicode (UTF-8)

@unpublished{Conrad_Spreading-out,
	author = {Brian Conrad and Ofer Gabber}, 
	title = {Spreading-out for rigid-analytic families},
	note = {Preprint},
	year = {2016},
}

@article{lurie2016spectral,
	title={Spectral algebraic geometry},
	author={Lurie, Jacob},
	journal={Preprint, available at www. math. harvard. edu/\~{} lurie/papers/SAG-rootfile. pdf},
	year={2016}
}

@article{Antonio_Moduli_of_representations,
	title={Moduli of $ p $-adic representations of a profinite group},
	author={Ant{\'o}nio, Jorge},
	journal={arXiv preprint arXiv:1709.04275},
	year={2017}
}

@article{Antonio_Formal_models,
	title={$ p $-adic derived formal geometry and derived {R}aynaud localization theorem},
	author={Ant{\'o}nio, Jorge},
	journal={arXiv preprint arXiv:1805.03302},
	year={2018}
}

@article{Hennion_Porta_Vezzosi_Formal_gluing,
	title={Formal gluing along non-linear flags},
	author={Hennion, Benjamin and Porta, Mauro and Vezzosi, Gabriele},
	journal={arXiv preprint arXiv:1607.04503},
	year={2016}
}

@article {Porta_Comparison_2017,
	AUTHOR = {Porta, Mauro},
	TITLE = {Comparison results for derived {D}eligne--{M}umford stacks},
	JOURNAL = {Pacific J. Math.},
	FJOURNAL = {Pacific Journal of Mathematics},
	VOLUME = {287},
	YEAR = {2017},
	NUMBER = {1},
	PAGES = {177--197},
	ISSN = {0030-8730},
	MRCLASS = {14A20 (18D10)},
	MRNUMBER = {3613438},
	DOI = {10.2140/pjm.2017.287.177},
	URL = {http://dx.doi.org/10.2140/pjm.2017.287.177},
}

@article{Gepner_Lax_2015,
	title={Lax colimits and free fibrations in {$\infty$}-categories},
	author={Gepner, David and Haugseng, Rune and Nikolaus, Thomas},
	journal={arXiv preprint arXiv:1501.02161},
	year={2015}
}

@article {Spivak_Derived_smooth_2007,
	AUTHOR = {Spivak, David I.},
	TITLE = {Derived smooth manifolds},
	JOURNAL = {Duke Math. J.},
	FJOURNAL = {Duke Mathematical Journal},
	VOLUME = {153},
	YEAR = {2010},
	NUMBER = {1},
	PAGES = {55--128},
	ISSN = {0012-7094},
	MRCLASS = {57R99 (18B99 18E99 18F20 55N99 55U40)},
	MRNUMBER = {2641940},
	MRREVIEWER = {G\~A\copyright{}rald Gaudens},
	DOI = {10.1215/00127094-2010-021},
	URL = {http://dx.doi.org/10.1215/00127094-2010-021},
}


@article {Simpson_Geometricity_2009,
	AUTHOR = {Simpson, Carlos},
	TITLE = {Geometricity of the {H}odge filtration on the {$\infty$}-stack
	of perfect complexes over {$X_\textrm{DR}$}},
	JOURNAL = {Mosc. Math. J.},
	FJOURNAL = {Moscow Mathematical Journal},
	VOLUME = {9},
	YEAR = {2009},
	NUMBER = {3},
	PAGES = {665--721, back matter},
	ISSN = {1609-3321},
	MRCLASS = {14D23 (32S35)},
	MRNUMBER = {2562796},
	MRREVIEWER = {Andrei D. Halanay},
}

@article{Bambozzi_Dagger_2015,
	title={Dagger Geometry As Banach Algebraic Geometry},
	author={Bambozzi, Federico and Ben-Bassat, Oren},
	journal={arXiv preprint arXiv:1502.01401},
	year={2015}
}


@incollection {Simpson_Algebraic_aspects_2002,
	AUTHOR = {Simpson, Carlos},
	TITLE = {Algebraic aspects of higher nonabelian {H}odge theory},
	BOOKTITLE = {Motives, polylogarithms and {H}odge theory, {P}art {II}
	({I}rvine, {CA}, 1998)},
	SERIES = {Int. Press Lect. Ser.},
	VOLUME = {3},
	PAGES = {417--604},
	PUBLISHER = {Int. Press, Somerville, MA},
	YEAR = {2002},
	MRCLASS = {14C30 (18G99)},
	MRNUMBER = {1978713},
	MRREVIEWER = {Giuseppe Lombardo},
}


@article {Pantev_Shifted_2013,
	AUTHOR = {Pantev, Tony and To\"en, Bertrand and Vaqui\'e, Michel and
	Vezzosi, Gabriele},
	TITLE = {Shifted symplectic structures},
	JOURNAL = {Publ. Math. Inst. Hautes \'Etudes Sci.},
	FJOURNAL = {Publications Math\'ematiques. Institut de Hautes \'Etudes
	Scientifiques},
	VOLUME = {117},
	YEAR = {2013},
	PAGES = {271--328},
	ISSN = {0073-8301},
	MRCLASS = {14F05 (14A15 18F20 18G30 53D05 53D12)},
	MRNUMBER = {3090262},
	MRREVIEWER = {Andrey Yu. Lazarev},
	DOI = {10.1007/s10240-013-0054-1},
	URL = {http://dx.doi.org/10.1007/s10240-013-0054-1},
}


@incollection {Ducros_Etale_cohomology_2015,
	AUTHOR = {Ducros, Antoine},
	TITLE = {\'Etale cohomology of schemes and analytic spaces},
	BOOKTITLE = {Berkovich spaces and applications},
	SERIES = {Lecture Notes in Math.},
	VOLUME = {2119},
	PAGES = {67--118},
	PUBLISHER = {Springer, Cham},
	YEAR = {2015},
	MRCLASS = {14F20 (14G22)},
	MRNUMBER = {3330763},
	MRREVIEWER = {Lei Fu},
	DOI = {10.1007/978-3-319-11029-5_2},
	URL = {http://dx.doi.org/10.1007/978-3-319-11029-5_2},
}

@article{TV_deRahm11,
	author = {{To{\"e}n}, Bertrand and {Vezzosi}, Gabriele},
	title = {${S}^{1}$-Equivariant simplicial algebras and de {R}ham theory},
	journal = {Compos. Math.},
	number={No. 6},
	volume ={147},
	pages= {1979-2000},
	year={2011}}

@book {Hartshorne_Algebraic_geometry_1977,
	AUTHOR = {Hartshorne, Robin},
	TITLE = {Algebraic geometry},
	NOTE = {Graduate Texts in Mathematics, No. 52},
	PUBLISHER = {Springer-Verlag, New York-Heidelberg},
	YEAR = {1977},
	PAGES = {xvi+496},
	ISBN = {0-387-90244-9},
	MRCLASS = {14-01},
	MRNUMBER = {0463157},
	MRREVIEWER = {Robert Speiser},
}

@incollection {Thomason_Higher_algebraic_K-theory_1990,
	AUTHOR = {Thomason, R. W. and Trobaugh, Thomas},
	TITLE = {Higher algebraic {$K$}-theory of schemes and of derived
	categories},
	BOOKTITLE = {The {G}rothendieck {F}estschrift, {V}ol.\ {III}},
	SERIES = {Progr. Math.},
	VOLUME = {88},
	PAGES = {247--435},
	PUBLISHER = {Birkh\"auser Boston, Boston, MA},
	YEAR = {1990},
	MRCLASS = {19E08 (14C35 19D10)},
	MRNUMBER = {1106918},
	MRREVIEWER = {Charles Weibel},
	DOI = {10.1007/978-0-8176-4576-2_10},
	URL = {http://dx.doi.org/10.1007/978-0-8176-4576-2_10},
}






@book {Gabber_Almost_2003,
	AUTHOR = {Gabber, Ofer and Ramero, Lorenzo},
	TITLE = {Almost ring theory},
	SERIES = {Lecture Notes in Mathematics},
	VOLUME = {1800},
	PUBLISHER = {Springer-Verlag, Berlin},
	YEAR = {2003},
	PAGES = {vi+307},
	ISBN = {3-540-40594-1},
	MRCLASS = {13D10 (13B40 13D03 14G22 18D10)},
	MRNUMBER = {2004652 (2004k:13027)},
}

@book {Grauert_Coherent_1984,
	AUTHOR = {Grauert, Hans and Remmert, Reinhold},
	TITLE = {Coherent analytic sheaves},
	SERIES = {Grundlehren der Mathematischen Wissenschaften [Fundamental
	Principles of Mathematical Sciences]},
	VOLUME = {265},
	PUBLISHER = {Springer-Verlag, Berlin},
	YEAR = {1984},
	PAGES = {xviii+249},
	ISBN = {3-540-13178-7},
	MRCLASS = {32-02 (32Bxx 32C30)},
	MRNUMBER = {755331 (86a:32001)},
	MRREVIEWER = {Daniel Barlet},
	DOI = {10.1007/978-3-642-69582-7},
	URL = {http://dx.doi.org/10.1007/978-3-642-69582-7},
}


@book {Quillen_Homotopical_1967,
	AUTHOR = {Quillen, Daniel G.},
	TITLE = {Homotopical algebra},
	SERIES = {Lecture Notes in Mathematics, No. 43},
	PUBLISHER = {Springer-Verlag, Berlin-New York},
	YEAR = {1967},
	PAGES = {iv+156 pp. (not consecutively paged)},
	MRCLASS = {18.20 (55.00)},
	MRNUMBER = {0223432 (36 \#6480)},
	MRREVIEWER = {A. K. Bousfield},
}


@article {Elkik_Solutions_1973,
	AUTHOR = {Elkik, Ren{\'e}e},
	TITLE = {Solutions d'\'equations \`a coefficients dans un anneau
	hens\'elien},
	JOURNAL = {Ann. Sci. \'Ecole Norm. Sup. (4)},
	FJOURNAL = {Annales Scientifiques de l'\'Ecole Normale Sup\'erieure.
	Quatri\`eme S\'erie},
	VOLUME = {6},
	YEAR = {1973},
	PAGES = {553--603 (1974)},
	ISSN = {0012-9593},
	MRCLASS = {14B05 (13J15 14D15)},
	MRNUMBER = {0345966 (49 \#10692)},
	MRREVIEWER = {H. C. Pinkham},
}

@article {Drinfeld_On_some_finiteness_2013,
	AUTHOR = {Drinfeld, Vladimir and Gaitsgory, Dennis},
	TITLE = {On some finiteness questions for algebraic stacks},
	JOURNAL = {Geom. Funct. Anal.},
	FJOURNAL = {Geometric and Functional Analysis},
	VOLUME = {23},
	YEAR = {2013},
	NUMBER = {1},
	PAGES = {149--294},
	ISSN = {1016-443X},
	CODEN = {GFANFB},
	MRCLASS = {14A20 (14F05 14F10 18Dxx)},
	MRNUMBER = {3037900},
	MRREVIEWER = {Pawel Sosna},
	DOI = {10.1007/s00039-012-0204-5},
	URL = {http://dx.doi.org/10.1007/s00039-012-0204-5},
}

@article{Porta_DCAGI,
	title={Derived complex analytic geometry {I}: {GAGA} theorems},
	author={Porta, Mauro},
	journal={arXiv preprint arXiv:1506.09042},
	year={2015}
}

@article{Porta_DCAGII,
	title={Derived complex analytic geometry {II}: square-zero extensions},
	author={Porta, Mauro},
	journal={arXiv preprint arXiv:1507.06602},
	year={2015}
}


@article{Toen_Derived_2014,
	title={Derived algebraic geometry},
	author={To{\"e}n, Bertrand},
	journal={arXiv preprint arXiv:1401.1044},
	year={2014}
}

@article {Joyal_Quasi-categories_2002,
	AUTHOR = {Joyal, A.},
	TITLE = {Quasi-categories and {K}an complexes},
	NOTE = {Special volume celebrating the 70th birthday of Professor Max
	Kelly},
	JOURNAL = {J. Pure Appl. Algebra},
	FJOURNAL = {Journal of Pure and Applied Algebra},
	VOLUME = {175},
	YEAR = {2002},
	NUMBER = {1-3},
	PAGES = {207--222},
	ISSN = {0022-4049},
	CODEN = {JPAAA2},
	MRCLASS = {55U10 (18G55)},
	MRNUMBER = {1935979 (2003h:55026)},
	MRREVIEWER = {Donald M. Davis},
	DOI = {10.1016/S0022-4049(02)00135-4},
	URL = {http://dx.doi.org/10.1016/S0022-4049(02)00135-4},
}

@preamble{
	"\def\cprime{$'$} "
}
@article {Ducros_Geometries_analytique_2007,
	AUTHOR = {Ducros, Antoine},
	TITLE = {G\'eom\'etries analytique {$p$}-adique: la th\'eorie de
	{B}erkovich},
	JOURNAL = {Gaz. Math.},
	FJOURNAL = {Gazette des Math\'ematiciens},
	NUMBER = {111},
	YEAR = {2007},
	PAGES = {12--27},
	ISSN = {0224-8999},
	MRCLASS = {14G22 (11S85)},
	MRNUMBER = {2289676 (2008b:14035)},
	MRREVIEWER = {Jean-Philippe Rolin},
}

@article {Ducros_Espaces_analytiques_2007,
	AUTHOR = {Ducros, Antoine},
	TITLE = {Espaces analytiques {$p$}-adiques au sens de {B}erkovich},
	NOTE = {S{\'e}minaire Bourbaki. Vol. 2005/2006},
	JOURNAL = {Ast\'erisque},
	FJOURNAL = {Ast\'erisque},
	NUMBER = {311},
	YEAR = {2007},
	PAGES = {Exp. No. 958, viii, 137--176},
	ISSN = {0303-1179},
	ISBN = {978-2-85629-230-3},
	MRCLASS = {14G22},
	MRNUMBER = {2359043 (2008i:14036)},
	MRREVIEWER = {Alessandra Bertapelle},
}

@article {Bosch_K-affinoid_tori_1971,
	AUTHOR = {Bosch, Siegfried},
	TITLE = {{$k$}-affinoide {T}ori},
	JOURNAL = {Math. Ann.},
	FJOURNAL = {Mathematische Annalen},
	VOLUME = {192},
	YEAR = {1971},
	PAGES = {1--16},
	ISSN = {0025-5831},
	MRCLASS = {16A62},
	MRNUMBER = {0291223 (45 \#317)},
	MRREVIEWER = {George Bachman},
}


@article {Tate_Rigid_1971,
	AUTHOR = {Tate, John},
	TITLE = {Rigid analytic spaces},
	JOURNAL = {Invent. Math.},
	FJOURNAL = {Inventiones Mathematicae},
	VOLUME = {12},
	YEAR = {1971},
	PAGES = {257--289},
	ISSN = {0020-9910},
	MRCLASS = {14A20 (13J10 32K10)},
	MRNUMBER = {0306196 (46 \#5323)},
	MRREVIEWER = {M. Nagata},
}

@incollection {Berkovich_Non-archimedean_first_steps_2008,
	AUTHOR = {Berkovich, Vladimir},
	TITLE = {Non-{A}rchimedean analytic geometry: first steps},
	BOOKTITLE = {{$p$}-adic geometry},
	SERIES = {Univ. Lecture Ser.},
	VOLUME = {45},
	PAGES = {1--7},
	PUBLISHER = {Amer. Math. Soc., Providence, RI},
	YEAR = {2008},
	MRCLASS = {14G22 (14-03)},
	MRNUMBER = {2482344 (2010g:14030)},
	MRREVIEWER = {Alessandra Bertapelle},
}

@article {Bosch_Formal_IV,
	AUTHOR = {Bosch, Siegfried and L{\"u}tkebohmert, Werner and Raynaud,
	Michel},
	TITLE = {Formal and rigid geometry. {IV}. {T}he reduced fibre theorem},
	JOURNAL = {Invent. Math.},
	FJOURNAL = {Inventiones Mathematicae},
	VOLUME = {119},
	YEAR = {1995},
	NUMBER = {2},
	PAGES = {361--398},
	ISSN = {0020-9910},
	CODEN = {INVMBH},
	MRCLASS = {11G25 (14A15 14G20 32P05)},
	MRNUMBER = {1312505 (97e:11075)},
	MRREVIEWER = {Reinhold H{\"u}bl},
	DOI = {10.1007/BF01245187},
	URL = {http://dx.doi.org/10.1007/BF01245187},
}


@article {Bosch_Formal_III,
	AUTHOR = {Bosch, Siegfried and L{\"u}tkebohmert, Werner and Raynaud,
	Michel},
	TITLE = {Formal and rigid geometry. {III}. {T}he relative maximum
	principle},
	JOURNAL = {Math. Ann.},
	FJOURNAL = {Mathematische Annalen},
	VOLUME = {302},
	YEAR = {1995},
	NUMBER = {1},
	PAGES = {1--29},
	ISSN = {0025-5831},
	CODEN = {MAANA},
	MRCLASS = {11G25 (14A15 14G20 32P05)},
	MRNUMBER = {1329445 (97e:11074)},
	MRREVIEWER = {Reinhold H{\"u}bl},
	DOI = {10.1007/BF01444485},
	URL = {http://dx.doi.org/10.1007/BF01444485},
}

@article {Bosch_Formal_II,
	AUTHOR = {Bosch, Siegfried and L{\"u}tkebohmert, Werner},
	TITLE = {Formal and rigid geometry. {II}. {F}lattening techniques},
	JOURNAL = {Math. Ann.},
	FJOURNAL = {Mathematische Annalen},
	VOLUME = {296},
	YEAR = {1993},
	NUMBER = {3},
	PAGES = {403--429},
	ISSN = {0025-5831},
	CODEN = {MAANA},
	MRCLASS = {11G25 (14A15 14G20 32P05)},
	MRNUMBER = {1225983 (94e:11070)},
	DOI = {10.1007/BF01445112},
	URL = {http://dx.doi.org/10.1007/BF01445112},
}

@article {Bosch_Formal_I,
	AUTHOR = {Bosch, Siegfried and L{\"u}tkebohmert, Werner},
	TITLE = {Formal and rigid geometry. {I}. {R}igid spaces},
	JOURNAL = {Math. Ann.},
	FJOURNAL = {Mathematische Annalen},
	VOLUME = {295},
	YEAR = {1993},
	NUMBER = {2},
	PAGES = {291--317},
	ISSN = {0025-5831},
	CODEN = {MAANA},
	MRCLASS = {11G25 (14D15 14G20)},
	MRNUMBER = {1202394 (94a:11090)},
	MRREVIEWER = {Qing Liu},
	DOI = {10.1007/BF01444889},
	URL = {http://dx.doi.org/10.1007/BF01444889},
}

@book {Huber_Etale_1996,
	AUTHOR = {Huber, Roland},
	TITLE = {\'{E}tale cohomology of rigid analytic varieties and adic
	spaces},
	SERIES = {Aspects of Mathematics, E30},
	PUBLISHER = {Friedr. Vieweg \& Sohn, Braunschweig},
	YEAR = {1996},
	PAGES = {x+450},
	ISBN = {3-528-06794-2},
	MRCLASS = {14G22 (14F20)},
	MRNUMBER = {1734903 (2001c:14046)},
	MRREVIEWER = {Lorenzo Ramero},
	DOI = {10.1007/978-3-663-09991-8},
	URL = {http://dx.doi.org/10.1007/978-3-663-09991-8},
}

@article {Nicaise_Formal_2008,
	AUTHOR = {Nicaise, Johannes},
	TITLE = {Formal and rigid geometry: an intuitive introduction and some
	applications},
	JOURNAL = {Enseign. Math. (2)},
	FJOURNAL = {L'Enseignement Math\'ematique. Revue Internationale. 2e
	S\'erie},
	VOLUME = {54},
	YEAR = {2008},
	NUMBER = {3-4},
	PAGES = {213--249},
	ISSN = {0013-8584},
	CODEN = {ENMAAR},
	MRCLASS = {14G22},
	MRNUMBER = {2478086 (2009k:14050)},
	MRREVIEWER = {Alessandra Bertapelle},
}
@article{Gepner_Enriched_2013,
	title={Enriched $\infty$-categories via non-symmetric $\infty$-operads},
	author={Gepner, David and Haugseng, Rune},
	journal={arXiv preprint arXiv:1312.3178},
	year={2013}
}

@book{SGA4,
	author = {Artin, Michael and Grothendieck, Alexander and Verdier, Jean-Louis},
	title = {Th\'eorie de Topos et Cohomologie \'Etale des Sch\'emas {I}, {II}, {III}},
	year = {1971},
	publisher = {Springer},
	series = {Lecture Notes in Mathematics},
	volume = {269, 270, 305},
}


@unpublished{DAG-IX,
	Author = {Lurie, Jacob},
	Title = {{DAG IX}: Closed Immersions},
	Year = {2011},
	note = {Preprint},
	url = {http://www.math.harvard.edu/~lurie/papers/DAG-IX.pdf}}

@unpublished{Gaitsgory_A_study_2016,
	Author = {D. Gaitsgory, N. Rozenblyum},
	Title = {A study in derived algebraic geometry},
	Year = {2016},
	note = {Preprint},
	url = {http://www.math.harvard.edu/~gaitsgde/GL/Preface.pdf}}


@unpublished{DAG-VIII,
	Author = {Lurie, Jacob},
	Title = {{DAG VIII}: Quasi-Coherent Sheaves and {T}annaka Duality Theorems},
	Year = {2011},
	note = {Preprint},
	url = {http://www.math.harvard.edu/~lurie/papers/DAG-VIII.pdf}}

@unpublished{DAG-XIV,
	Author = {Lurie, Jacob},
	Title = {{DAG XIV}: Representability Theorems},
	Year = {2012},
	note = {Preprint},
	url = {http://www.math.harvard.edu/~lurie/papers/DAG-XIV.pdf}}


@unpublished{DAG-VII,
	Author = {Lurie, Jacob},
	Title = {{DAG VII}: Spectral Schemes},
	Year = {2011},
	note = {Preprint},
	url = {http://www.math.harvard.edu/~lurie/papers/DAG-VII.pdf}}

@misc{DAG-XII,
	title={DAG XII: Proper morphisms, completions, and the Grothendieck existence theorem. 2011},
	author={Lurie, Jacob}
}

@unpublished{DAG-V,
	Author = {Lurie, Jacob},
	Title = {{DAG V}: Structured spaces},
	Year = {2011},
	note = {Preprint},
	url = {http://www.math.harvard.edu/~lurie/papers/DAG-V.pdf}}



@article {Toen_Descente_2011,
	AUTHOR = {To{\"e}n, Bertrand},
	TITLE = {Descente fid\`element plate pour les {$n$}-champs d'{A}rtin},
	JOURNAL = {Compos. Math.},
	FJOURNAL = {Compositio Mathematica},
	VOLUME = {147},
	YEAR = {2011},
	NUMBER = {5},
	PAGES = {1382--1412},
	ISSN = {0010-437X},
	MRCLASS = {14A20 (14F20 14F43)},
	MRNUMBER = {2834725},
	MRREVIEWER = {Sylvain Brochard},
	DOI = {10.1112/S0010437X10005245},
	URL = {http://dx.doi.org/10.1112/S0010437X10005245},
}

@article{Lurie_Tannaka_duality,
	title={Tannaka duality for geometric stacks},
	author={Lurie, Jacob},
	journal={arXiv preprint math/0412266},
	year={2004}
}


@unpublished{Conrad_Formal_GAGA,
	author = {Conrad, Brian},
	title = {Formal {GAGA} for {A}rtin stacks},
	year = {2005},
	note = {Preprint},
	url = {http://math.stanford.edu/~conrad/papers/formalgaga.pdf},
}

@unpublished{Conrad_Descent_for_coherent_2003,
	author = {Conrad, Brian},
	title = {Descent for coherent sheaves on rigid-analytic spaces},
	year = {2003},
	note = {Preprint},
	url = {http://math.stanford.edu/~conrad/papers/cohdescent.pdf},
}


@article {Toen_Algebrisation_2008,
	AUTHOR = {To{\"e}n, Bertrand and Vaqui{\'e}, Michel},
	TITLE = {Alg\'ebrisation des vari\'et\'es analytiques complexes et
	cat\'egories d\'eriv\'ees},
	JOURNAL = {Math. Ann.},
	FJOURNAL = {Mathematische Annalen},
	VOLUME = {342},
	YEAR = {2008},
	NUMBER = {4},
	PAGES = {789--831},
	ISSN = {0025-5831},
	CODEN = {MAANA},
	MRCLASS = {18E30 (14A20 32C99)},
	MRNUMBER = {2443764 (2010b:18019)},
	MRREVIEWER = {David A. Blanc},
	DOI = {10.1007/s00208-008-0257-9},
	URL = {http://dx.doi.org/10.1007/s00208-008-0257-9},
}

@article{Robalo_Noncommutative_motives_I,
	title={Noncommutative Motives I: A Universal Characterization of the Motivic Stable Homotopy Theory of Schemes},
	author={Robalo, Marco},
	journal={arXiv preprint arXiv:1206.3645},
	year={2012}
}

@unpublished{Milne_Lectures_on_etale_cohomology,
	Author = {James Milne},
	Date-Added = {2014-07-17 15:10:36 +0000},
	Date-Modified = {2014-07-17 15:12:04 +0000},
	Title = {Lectures on \'etale cohomology}}

@unpublished{Lurie_Higher_algebra,
	Author = {Jacob Lurie},
	Date-Added = {2014-07-17 15:06:08 +0000},
	Date-Modified = {2014-07-17 15:12:17 +0000},
	Month = {August},
	Title = {Higher Algebra},
	note = {Preprint},
	Year = {2012}}

@article{Simpson_Algebraic_1996,
	Author = {Simpson, Carlos},
	Journal = {arXiv preprint alg-geom/9609014},
	Title = {Algebraic (geometric) $ n $-stacks},
	Year = {1996}}

@book{Hirschhorn_Model_2003,
	Author = {Hirschhorn, Philip S.},
	Isbn = {0-8218-3279-4},
	Mrclass = {18G55 (55P60 55U35)},
	Mrnumber = {1944041 (2003j:18018)},
	Mrreviewer = {David A. Blanc},
	Pages = {xvi+457},
	Publisher = {American Mathematical Society, Providence, RI},
	Series = {Mathematical Surveys and Monographs},
	Title = {Model categories and their localizations},
	Volume = {99},
	Year = {2003}}

@article{HAG-II,
	Author = {To{\"e}n, Bertrand and Vezzosi, Gabriele},
	Coden = {MAMCAU},
	Date-Modified = {2014-07-17 15:05:46 +0000},
	Fjournal = {Memoirs of the American Mathematical Society},
	Issn = {0065-9266},
	Journal = {Mem. Amer. Math. Soc.},
	Mrclass = {14A20 (18F10 18F20 18G55 55P42 55U40)},
	Mrnumber = {2394633 (2009h:14004)},
	Mrreviewer = {Paul Arne {\O}stv{\ae}r},
	Number = {902},
	Pages = {x+224},
	Title = {Homotopical algebraic geometry. {II}. {G}eometric stacks and applications},
	Volume = {193},
	Year = {2008},
	Bdsk-Url-1 = {http://dx.doi.org/10.1090/memo/0902}}

@article{HAG-I,
	Author = {To{\"e}n, Bertrand and Vezzosi, Gabriele},
	Coden = {ADMTA4},
	Date-Modified = {2014-07-17 15:05:46 +0000},
	Fjournal = {Advances in Mathematics},
	Issn = {0001-8708},
	Journal = {Adv. Math.},
	Mrclass = {14F20 (18F20 18G55 55U40)},
	Mrnumber = {2137288 (2007b:14038)},
	Mrreviewer = {Paul Arne {\O}stv{\ae}r},
	Number = {2},
	Pages = {257--372},
	Title = {Homotopical algebraic geometry. {I}. {T}opos theory},
	Volume = {193},
	Year = {2005},
	Bdsk-Url-1 = {http://dx.doi.org/10.1016/j.aim.2004.05.004}}

@book{HTT,
	Author = {Lurie, Jacob},
	Isbn = {978-0-691-14049-0; 0-691-14049-9},
	Mrclass = {18-02 (18B25 18E35 18G30 18G55 55U40)},
	Mrnumber = {2522659 (2010j:18001)},
	Mrreviewer = {Mark Hovey},
	Pages = {xviii+925},
	Publisher = {Princeton University Press, Princeton, NJ},
	Series = {Annals of Mathematics Studies},
	Title = {Higher topos theory},
	Volume = {170},
	Year = {2009}}

@incollection{Vistoli_Grothendieck_2005,
	Author = {Vistoli, Angelo},
	Booktitle = {Fundamental algebraic geometry},
	Mrclass = {14F20 (14A20)},
	Mrnumber = {2223406},
	Pages = {1--104},
	Publisher = {Amer. Math. Soc., Providence, RI},
	Series = {Math. Surveys Monogr.},
	Title = {Grothendieck topologies, fibered categories and descent theory},
	Volume = {123},
	Year = {2005}}


@incollection{Toen_Higher_global_2009,
	Author = {To{\"e}n, Bertrand},
	Booktitle = {Algebraic geometry---{S}eattle 2005. {P}art 1},
	Date-Modified = {2014-07-17 15:05:46 +0000},
	Mrclass = {14D23 (18E30)},
	Mrnumber = {2483943 (2010h:14021)},
	Mrreviewer = {David A. Blanc},
	Pages = {435--487},
	Publisher = {Amer. Math. Soc., Providence, RI},
	Series = {Proc. Sympos. Pure Math.},
	Title = {Higher and derived stacks: a global overview},
	Volume = {80},
	Year = {2009},
	Bdsk-Url-1 = {http://dx.doi.org/10.1090/pspum/080.1/2483943}}

@book{Bosch_Non-archimedean_1984,
	Author = {Bosch, S. and G{\"u}ntzer, U. and Remmert, R.},
	Isbn = {3-540-12546-9},
	Mrclass = {32K10 (30G05 46P05)},
	Mrnumber = {746961 (86b:32031)},
	Mrreviewer = {W. Bartenwerfer},
	Note = {A systematic approach to rigid analytic geometry},
	Pages = {xii+436},
	Publisher = {Springer-Verlag, Berlin},
	Series = {Grundlehren der Mathematischen Wissenschaften [Fundamental Principles of Mathematical Sciences]},
	Title = {Non-{A}rchimedean analysis},
	Volume = {261},
	Year = {1984}}

@book{Berkovich_Spectral_1990,
	Author = {Berkovich, Vladimir G.},
	Isbn = {0-8218-1534-2},
	Mrclass = {32P05 (32C15 32C37 46S10 47S10)},
	Mrnumber = {1070709 (91k:32038)},
	Mrreviewer = {W. Bartenwerfer},
	Pages = {x+169},
	Publisher = {American Mathematical Society, Providence, RI},
	Series = {Mathematical Surveys and Monographs},
	Title = {Spectral theory and analytic geometry over non-{A}rchimedean fields},
	Volume = {33},
	Year = {1990}}

@article{Berkovich_Vanishing_II_1996,
	Author = {Berkovich, Vladimir G.},
	Coden = {INVMBH},
	Date-Modified = {2014-07-17 15:05:46 +0000},
	Fjournal = {Inventiones Mathematicae},
	Issn = {0020-9910},
	Journal = {Invent. Math.},
	Mrclass = {14G40 (14C25)},
	Mrnumber = {1395723 (98k:14031)},
	Number = {2},
	Pages = {367--390},
	Title = {Vanishing cycles for formal schemes. {II}},
	Volume = {125},
	Year = {1996},
	Bdsk-Url-1 = {http://dx.doi.org/10.1007/s002220050078}}

@book{SGA7-2,
	Address = {Berlin},
	Author = {Grothendieck, Alexander},
	Mrclass = {14-06},
	Mrnumber = {0354657 (50 \#7135)},
	Note = {S{\'e}minaire de G{\'e}om{\'e}trie Alg{\'e}brique du Bois-Marie 1967--1969 (SGA 7 {II}), Dirig{\'e} par P. Deligne et N. Katz},
	Pages = {x+438},
	Publisher = {Springer-Verlag},
	Series = {Lecture Notes in Mathematics, Vol. 340},
	Title = {Groupes de monodromie en g\'eom\'etrie alg\'ebrique. {II}},
	Year = {1973}}

@article{Berkovich_Smooth_1999,
	Author = {Berkovich, Vladimir G.},
	Coden = {INVMBH},
	Date-Modified = {2014-07-17 15:05:46 +0000},
	Fjournal = {Inventiones Mathematicae},
	Issn = {0020-9910},
	Journal = {Invent. Math.},
	Mrclass = {14G22},
	Mrnumber = {1702143 (2000i:14028)},
	Mrreviewer = {Lorenzo Ramero},
	Number = {1},
	Pages = {1--84},
	Title = {Smooth {$p$}-adic analytic spaces are locally contractible},
	Volume = {137},
	Year = {1999},
	Bdsk-Url-1 = {http://dx.doi.org/10.1007/s002220050323}}

@article{Berkovich_Vanishing_1994,
	Author = {Berkovich, Vladimir G.},
	Coden = {INVMBH},
	Date-Modified = {2014-07-17 15:05:46 +0000},
	Fjournal = {Inventiones Mathematicae},
	Issn = {0020-9910},
	Journal = {Invent. Math.},
	Mrclass = {14F20 (14D15 14G20 32C18 32P05)},
	Mrnumber = {1262943 (95f:14034)},
	Mrreviewer = {W. Bartenwerfer},
	Number = {3},
	Pages = {539--571},
	Title = {Vanishing cycles for formal schemes},
	Volume = {115},
	Year = {1994},
	Bdsk-Url-1 = {http://dx.doi.org/10.1007/BF01231772}}

@article{Rapoport_Lokale_1982,
	Author = {Rapoport, M. and Zink, Th.},
	Coden = {INVMBH},
	Date-Modified = {2014-07-17 15:05:46 +0000},
	Fjournal = {Inventiones Mathematicae},
	Issn = {0020-9910},
	Journal = {Invent. Math.},
	Mrclass = {14G10 (10D35 10D40 12A67 14K15)},
	Mrnumber = {666636 (84i:14016)},
	Mrreviewer = {J. S. Milne},
	Number = {1},
	Pages = {21--101},
	Title = {\"{U}ber die lokale {Z}etafunktion von {S}himuravariet\"aten. {M}onodromiefiltration und verschwindende {Z}yklen in ungleicher {C}harakteristik},
	Volume = {68},
	Year = {1982},
	Bdsk-Url-1 = {http://dx.doi.org/10.1007/BF01394268}}

@article{Atiyah_Analytic_1958,
	Author = {Atiyah, M. F.},
	Date-Modified = {2014-04-06 09:53:13 +0000},
	Fjournal = {Proceedings of the Royal Society. London. Series A. Mathematical, Physical and Engineering Sciences},
	Issn = {0962-8444},
	Journal = {Proc. Roy. Soc. London. Ser. A},
	Mrclass = {32.00},
	Mrnumber = {0095974 (20 \#2472)},
	Mrreviewer = {E. Calabi},
	Pages = {237--244},
	Title = {On analytic surfaces with double points},
	Volume = {247},
	Year = {1958}}

@book{Bosch_Lectures_2014,
	Author = {Bosch, S.},
	Date-Modified = {2014-07-17 15:05:46 +0000},
	Isbn = {9783319044163},
	Publisher = {Springer International Publishing},
	Series = {Lecture Notes in Mathematics},
	Title = {Lectures on Formal and Rigid Geometry},
	Year = {2014},
	Bdsk-Url-1 = {http://books.google.fr/books?id=FKPjngEACAAJ}}

@book{Laumon_Champs_2000,
	Author = {Laumon, G{\'e}rard and Moret-Bailly, Laurent},
	Date-Modified = {2014-04-06 09:41:49 +0000},
	Isbn = {3-540-65761-4},
	Mrclass = {14A20 (14D20)},
	Mrnumber = {1771927 (2001f:14006)},
	Mrreviewer = {Dan Edidin},
	Pages = {xii+208},
	Publisher = {Springer-Verlag, Berlin},
	Series = {Ergebnisse der Mathematik und ihrer Grenzgebiete. 3. Folge. A Series of Modern Surveys in Mathematics},
	Title = {Champs alg\'ebriques},
	Volume = {39},
	Year = {2000}}


@article{Conrad_Descent_2010,
	Author = {Conrad, Brian and Temkin, Michael},
	Date-Modified = {2014-04-06 09:44:15 +0000},
	Journal = {Preprint},
	Publisher = {Citeseer},
	Title = {Descent for non-archimedean analytic spaces},
	Year = {2010}}

@article{Fujiwara_Foundations_2013,
	Author = {Fujiwara, Kazuhiro and Kato, Fumiharu},
	Date-Modified = {2014-04-06 09:46:27 +0000},
	Journal = {arXiv preprint arXiv:1308.4734},
	Title = {Foundations of Rigid Geometry {I}},
	Year = {2013}}

@article{Raynaud_Platitude_1971,
	Author = {Raynaud, Michel and Gruson, Laurent},
	Date-Modified = {2014-04-06 09:43:53 +0000},
	Fjournal = {Inventiones Mathematicae},
	Issn = {0020-9910},
	Journal = {Invent. Math.},
	Mrclass = {14A15 (13C10)},
	Mrnumber = {0308104 (46 \#7219)},
	Mrreviewer = {M. Maruyama},
	Pages = {1--89},
	Title = {Crit\`eres de platitude et de projectivit\'e. {T}echniques de ``platification'' d'un module},
	Volume = {13},
	Year = {1971}}

@article{de_Jong_Smoothness_1996,
	Author = {de Jong, A. J.},
	Coden = {PMIHA6},
	Date-Modified = {2014-07-17 15:05:46 +0000},
	Fjournal = {Institut des Hautes \'Etudes Scientifiques. Publications Math\'ematiques},
	Issn = {0073-8301},
	Journal = {Inst. Hautes \'Etudes Sci. Publ. Math.},
	Mrclass = {14E15 (14B05 14H10)},
	Mrnumber = {1423020 (98e:14011)},
	Mrreviewer = {Marko Roczen},
	Number = {83},
	Pages = {51--93},
	Title = {Smoothness, semi-stability and alterations},
	Year = {1996},
	Bdsk-Url-1 = {http://www.numdam.org/item?id=PMIHES_1996__83__51_0}}

@article{de_Jong_Families_1997,
	Author = {de Jong, A. Johan},
	Coden = {AIFUA7},
	Date-Modified = {2014-07-17 15:05:46 +0000},
	Fjournal = {Universit\'e de Grenoble. Annales de l'Institut Fourier},
	Issn = {0373-0956},
	Journal = {Ann. Inst. Fourier (Grenoble)},
	Mrclass = {14H10 (14E15 14L30)},
	Mrnumber = {1450427 (98f:14019)},
	Mrreviewer = {D.-M. Popescu},
	Number = {2},
	Pages = {599--621},
	Title = {Families of curves and alterations},
	Volume = {47},
	Year = {1997},
	Bdsk-Url-1 = {http://www.numdam.org/item?id=AIF_1997__47_2_599_0}}

@book{Illusie_Complexe_1971,
	Address = {Berlin},
	Author = {Illusie, Luc},
	Date-Modified = {2014-04-06 09:42:54 +0000},
	Mrclass = {14B10 (14D15 14F20 55D20)},
	Mrnumber = {0491680 (58 \#10886a)},
	Mrreviewer = {Larry Breen},
	Pages = {xv+355},
	Publisher = {Springer-Verlag},
	Series = {Lecture Notes in Mathematics, Vol. 239, Vol. 283},
	Title = {Complexe cotangent et d\'eformations. {I, II}},
	Year = {1971,1972}}


@incollection {Conrad_Several_approaches_2008,
	AUTHOR = {Conrad, Brian},
	TITLE = {Several approaches to non-{A}rchimedean geometry},
	BOOKTITLE = {{$p$}-adic geometry},
	SERIES = {Univ. Lecture Ser.},
	VOLUME = {45},
	PAGES = {9--63},
	PUBLISHER = {Amer. Math. Soc., Providence, RI},
	YEAR = {2008},
	MRCLASS = {14G22},
	MRNUMBER = {2482345 (2011a:14047)},
	MRREVIEWER = {Marco A. Garuti},
	DOI = {10.1090/ulect/045/02},
	URL = {http://dx.doi.org/10.1090/ulect/045/02},
}

@article{Conrad_Non-archimedean_analytification_2009,
	Author = {Conrad, Brian and Temkin, Michael},
	Date-Modified = {2014-07-17 15:05:46 +0000},
	Fjournal = {Journal of Algebraic Geometry},
	Issn = {1056-3911},
	Journal = {J. Algebraic Geom.},
	Mrclass = {14G22 (14A20 32P05)},
	Mrnumber = {2524597 (2010j:14042)},
	Mrreviewer = {Alessandra Bertapelle},
	Number = {4},
	Pages = {731--788},
	Title = {Non-{A}rchimedean analytification of algebraic spaces},
	Volume = {18},
	Year = {2009},
	Bdsk-Url-1 = {http://dx.doi.org/10.1090/S1056-3911-09-00497-4}}

@incollection{Raynaud_Geometrie_analytique_rigide_1974,
	Address = {Paris},
	Author = {Raynaud, Michel},
	Booktitle = {Table {R}onde d'{A}nalyse non archim\'edienne ({P}aris, 1972)},
	Date-Modified = {2014-04-06 09:47:52 +0000},
	Mrclass = {32K10 (14G20)},
	Mrnumber = {0470254 (57 \#10012)},
	Mrreviewer = {J. S. Joel},
	Pages = {319--327. Bull. Soc. Math. France, M\'em. No. 39--40},
	Publisher = {Soc. Math. France},
	Title = {G\'eom\'etrie analytique rigide d'apr\`es {T}ate, {K}iehl,{$\cdots $}},
	Year = {1974}}

@article{Artin_Versal_1974,
	Author = {Artin, M.},
	Date-Modified = {2014-04-06 10:02:31 +0000},
	Fjournal = {Inventiones Mathematicae},
	Issn = {0020-9910},
	Journal = {Invent. Math.},
	Mrclass = {14D15 (14B05)},
	Mrnumber = {0399094 (53 \#2945)},
	Mrreviewer = {Michael Schlessinger},
	Pages = {165--189},
	Title = {Versal deformations and algebraic stacks},
	Volume = {27},
	Year = {1974}}

@article{Schlessinger_Functors_1968,
	Author = {Schlessinger, Michael},
	Date-Modified = {2014-04-06 09:47:08 +0000},
	Fjournal = {Transactions of the American Mathematical Society},
	Issn = {0002-9947},
	Journal = {Trans. Amer. Math. Soc.},
	Mrclass = {14.55},
	Mrnumber = {0217093 (36 \#184)},
	Mrreviewer = {M. Miyanishi},
	Pages = {208--222},
	Title = {Functors of {A}rtin rings},
	Volume = {130},
	Year = {1968}}

@article{Lutkebohmert_Formal_1990,
	Author = {L{\"u}tkebohmert, Werner},
	Coden = {MAANA},
	Date-Modified = {2014-07-17 15:05:46 +0000},
	Fjournal = {Mathematische Annalen},
	Issn = {0025-5831},
	Journal = {Math. Ann.},
	Mrclass = {14G20 (32G05 32K10)},
	Mrnumber = {1032938 (90m:14015)},
	Mrreviewer = {Qing Liu},
	Number = {1-3},
	Pages = {341--371},
	Title = {Formal-algebraic and rigid-analytic geometry},
	Volume = {286},
	Year = {1990},
	Bdsk-Url-1 = {http://dx.doi.org/10.1007/BF01453580}}

@incollection{Grothendieck_Techniques_1995,
	Address = {Paris},
	Author = {Grothendieck, Alexander},
	Booktitle = {S\'eminaire {B}ourbaki, {V}ol.\ 6},
	Date-Modified = {2014-04-06 09:57:57 +0000},
	Mrclass = {14C05},
	Mrnumber = {1611822},
	Pages = {Exp.\ No.\ 221, 249--276},
	Publisher = {Soc. Math. France},
	Title = {Techniques de construction et th\'eor\`emes d'existence en g\'eom\'etrie alg\'ebrique. {IV}. {L}es sch\'emas de {H}ilbert},
	Year = {1995}}

@article{Huber_Generalization_1994,
	Author = {Huber, R.},
	Coden = {MAZEAX},
	Date-Modified = {2014-07-17 15:05:46 +0000},
	Fjournal = {Mathematische Zeitschrift},
	Issn = {0025-5874},
	Journal = {Math. Z.},
	Mrclass = {14A20 (13A18 14L15 32P05)},
	Mrnumber = {1306024 (95k:14001)},
	Mrreviewer = {W. Bartenwerfer},
	Number = {4},
	Pages = {513--551},
	Title = {A generalization of formal schemes and rigid analytic varieties},
	Volume = {217},
	Year = {1994},
	Bdsk-Url-1 = {http://dx.doi.org/10.1007/BF02571959}}

@incollection{Artin_Algebraization_I_1969,
	Address = {Tokyo},
	Author = {Artin, M.},
	Booktitle = {Global {A}nalysis ({P}apers in {H}onor of {K}. {K}odaira)},
	Date-Modified = {2014-04-06 09:40:26 +0000},
	Mrclass = {14.05},
	Mrnumber = {0260746 (41 \#5369)},
	Mrreviewer = {H. Kurke},
	Pages = {21--71},
	Publisher = {Univ. Tokyo Press},
	Title = {Algebraization of formal moduli. {I}},
	Year = {1969}}

@article{Artin_Algebraization_II_1970,
	Author = {Artin, M.},
	Date-Modified = {2014-04-06 09:40:56 +0000},
	Fjournal = {Annals of Mathematics. Second Series},
	Issn = {0003-486X},
	Journal = {Ann. of Math. (2)},
	Mrclass = {14.00},
	Mrnumber = {0260747 (41 \#5370)},
	Mrreviewer = {H. Kurke},
	Pages = {88--135},
	Title = {Algebraization of formal moduli. {II}. {E}xistence of modifications},
	Volume = {91},
	Year = {1970}}

@article{Artin_Solutions_1968,
	Author = {Artin, M.},
	Date-Modified = {2014-04-06 09:54:06 +0000},
	Fjournal = {Inventiones Mathematicae},
	Issn = {0020-9910},
	Journal = {Invent. Math.},
	Mrclass = {32.47},
	Mrnumber = {0232018 (38 \#344)},
	Mrreviewer = {Joseph Lipman},
	Pages = {277--291},
	Title = {On the solutions of analytic equations},
	Volume = {5},
	Year = {1968}}

@article{Artin_Algebraic_Approximation_1969,
	Author = {Artin, M.},
	Date-Modified = {2014-04-06 09:40:41 +0000},
	Fjournal = {Institut des Hautes \'Etudes Scientifiques. Publications Math\'ematiques},
	Issn = {0073-8301},
	Journal = {Inst. Hautes \'Etudes Sci. Publ. Math.},
	Mrclass = {14.05},
	Mrnumber = {0268188 (42 \#3087)},
	Mrreviewer = {H. Kurke},
	Number = {36},
	Pages = {23--58},
	Title = {Algebraic approximation of structures over complete local rings},
	Year = {1969}}

@article{Berkovich_Etale_1993,
	Author = {Berkovich, Vladimir G.},
	Coden = {PMIHA6},
	Date-Modified = {2014-07-17 15:05:47 +0000},
	Fjournal = {Institut des Hautes \'Etudes Scientifiques. Publications Math\'ematiques},
	Issn = {0073-8301},
	Journal = {Inst. Hautes \'Etudes Sci. Publ. Math.},
	Mrclass = {14F20 (14F30 32C37 32P05)},
	Mrnumber = {1259429 (95c:14017)},
	Mrreviewer = {W. Bartenwerfer},
	Number = {78},
	Pages = {5--161 (1994)},
	Title = {\'{E}tale cohomology for non-{A}rchimedean analytic spaces},
	Year = {1993},
	Bdsk-Url-1 = {http://www.numdam.org/item?id=PMIHES_1993__78__5_0}}

@unpublished{Ducros_Structure_2012,
	Author = {Antoine Ducros},
	Date-Modified = {2014-04-06 09:50:13 +0000},
	Note = {En cours de r\'edaction, date du 15/11/2012},
	Owner = {YU Yue},
	Timestamp = {2013.03.21},
	Title = {La structure des courbes analytiques}}

@unpublished{Martin_Tameness_2015,
	Author = {Florent Martin},
	Note = {Preprint},
	Title = {Tameness for connected components of some subsets of {B}erkovich spaces},
	year = {2015}}

@article{Nishinou_Counting_2011,
	title={Counting curves via degeneration},
	author={Nishinou, Takeo},
	journal={arXiv preprint arXiv:1108.2802},
	year={2011}
}

@incollection{Illusie_Semistable_2004,
	Author = {Illusie, Luc},
	Booktitle = {Geometric aspects of {D}work theory. {V}ol. {I}, {II}},
	Date-Modified = {2014-04-06 09:53:53 +0000},
	Mrclass = {14F20 (14F30)},
	Mrnumber = {2099086 (2005i:14022)},
	Mrreviewer = {Michel Gros},
	Pages = {785--803},
	Publisher = {Walter de Gruyter, Berlin},
	Title = {On semistable reduction and the calculation of nearby cycles},
	Year = {2004}}

@incollection{Abramovich_Stable_2001,
	Address = {Providence, RI},
	Author = {Abramovich, Dan and Oort, Frans},
	Booktitle = {Advances in algebraic geometry motivated by physics ({L}owell, {MA}, 2000)},
	Date-Modified = {2014-07-17 15:05:47 +0000},
	Mrclass = {14H10 (14A20)},
	Mrnumber = {1837111 (2002e:14039)},
	Mrreviewer = {Marian Aprodu},
	Pages = {89--100},
	Publisher = {Amer. Math. Soc.},
	Series = {Contemp. Math.},
	Title = {Stable maps and {H}urwitz schemes in mixed characteristics},
	Volume = {276},
	Year = {2001},
	Bdsk-Url-1 = {http://dx.doi.org/10.1090/conm/276/04513}}

@article{Boucksom_Singular_2011,
	Author = {Boucksom, S{\'e}bastien and Favre, Charles and Jonsson, Mattias},
	Date-Modified = {2014-04-06 09:54:49 +0000},
	Journal = {arXiv preprint arXiv:1201.0187},
	Title = {Singular semipositive metrics in non-archimedean geometry},
	Year = {2011}}

@article{Bosch_Stable_1985,
	Author = {Bosch, Siegfried and L{\"u}tkebohmert, Werner},
	Date-Modified = {2014-04-06 09:56:27 +0000},
	Journal = {Mathematische Annalen},
	Number = {3},
	Pages = {349--379},
	Publisher = {Springer},
	Title = {Stable reduction and uniformization of abelian varieties {I}},
	Volume = {270},
	Year = {1985}}



@article{Porta_Yu_Higher_analytic_stacks_2014,
	Author = {Porta, Mauro and Yu, Tony Yue},
	Journal = {Advances in Mathematics},
	Title = {Higher analytic stacks and {GAGA} theorems},
	Volume = {302},
	Pages = {351-409},
	DOI = {10.1016/j.aim.2016.07.017},
	Year = {2016}}

@article{Porta_Yu_DNAnG_I,
	Author = {Porta, Mauro and Yu, Tony Yue},
	Title = {Derived non-archimedean analytic spaces},
	Journal = {arXiv preprint arXiv:1601.00859},
	note = {To appear in Selecta Mathematica},
	Year = {2016}}

@article{Porta_Yu_Representability,
	title={Representability theorem in derived analytic geometry},
	author={Porta, Mauro and Yu, Tony Yue},
	journal={arXiv preprint arXiv:1704.01683},
	year={2017}
}

@article{Porta_Yu_Mapping,
	Author = {Porta, Mauro and Yu, Tony Yue},
	Journal = {arXiv preprint arXiv:1801.07730},
	Title = {Derived {H}om spaces in rigid analytic geometry},
	Year = {2018}}



